=LDR  01416cam a22004097i 4500
=001  020210728
=003  Uk
=005  20230602011440.0
=006  m\\\\\\\\d\\\\\\\\
=007  cr\|||||||||||
=008  210601s2021\\\\xxk\\\\\obm\\\000\0\eng\\
=FMT  \\$a  BK
=040  \\$aUk$beng$cUk$dUk$erda
=082  14$a572$215
=100  1\$aJones, Daniel,$eauthor.
=245  10$aExpression, purification and molecular characterisation of sideroflexin proteins.
=264  \1$a[Great Britain] :$bUniversity of Cambridge,$c2021.
=300  \\$a1 online resource
=336  \\$atext$2rdacontent
=337  \\$acomputer$2rdamedia
=338  \\$aonline resource$2rdacarrier
=502  \\$aThesis (Ph.D.)--University of Cambridge, 2021.
=504  \\$aIncludes bibliographical references.
=700  1\$aKunji, Edmund,$edegree supervisor.
=710  2\$aUniversity of Cambridge,$edegree granting institution.
=856  40$uhttps://doi.org/10.17863/CAM.68582
=859  \\$aXLD$bEThOS
=852  41$aBritish Library$bHMNTS$3Part 1(2020)-
=852  4\$aBritish Library$bDSC$cDRT$j828648
=CAT  \\$aBATCH-ETHO$b00$c20210602$lBLL01$h0109
=CAT  \\$aBATCH-UPD$b00$c20210602$lBLL01$h0112
=CAT  \\$aBATCH$b00$c20210602$lBLL01$h0114
=CAT  \\$aBATCH-ETHO$b00$c20230602$lBLL01$h0114
=FIN  \\$aY$d20210602
=DRT  \\$aETHOS
=SRC  \\$aEThOS$bethos.mds.20210601.mrc
=LAS  \\$aBATCH-ETHO$b00$c20230602$lBLL01$h0114

